%% LaTeX2e file `references.bib'
%% generated by the `filecontents' environment
%% from source `template' on 2025/04/19.
%%
@article{lu2024aiscientist,
  title={The {AI} {S}cientist: Towards Fully Automated Open-Ended Scientific Discovery},
  author={Lu, Chris and Lu, Cong and Lange, Robert Tjarko and Foerster, Jakob and Clune, Jeff and Ha, David},
  journal={arXiv preprint arXiv:2408.06292},
  year={2024}
}

@book{goodfellow2016deep,
  title={Deep learning},
  author={Goodfellow, Ian and Bengio, Yoshua and Courville, Aaron and Bengio, Yoshua},
  volume={1},
  year={2016},
  publisher={MIT Press}
}

@article{vaswani2017attention,
  title={Attention is all you need},
  author={Vaswani, Ashish and Shazeer, Noam and Parmar, Niki and Uszkoreit, Jakob and Jones, Llion and Gomez, Aidan N and Kaiser, {\L}ukasz and Polosukhin, Illia},
  journal={Advances in neural information processing systems},
  volume={30},
  year={2017}
}

@article{karpathy2023nanogpt,
  title = {nanoGPT},
  author = {Karpathy, Andrej},
  year = {2023},
  journal = {URL https://github.com/karpathy/nanoGPT/tree/master},
  note = {GitHub repository}
}

@article{kingma2014adam,
  title={Adam: A method for stochastic optimization},
  author={Kingma, Diederik P and Ba, Jimmy},
  journal={arXiv preprint arXiv:1412.6980},
  year={2014}
}

@article{ba2016layer,
  title={Layer normalization},
  author={Ba, Jimmy Lei and Kiros, Jamie Ryan and Hinton, Geoffrey E},
  journal={arXiv preprint arXiv:1607.06450},
  year={2016}
}

@article{loshchilov2017adamw,
  title={Decoupled weight decay regularization},
  author={Loshchilov, Ilya and Hutter, Frank},
  journal={arXiv preprint arXiv:1711.05101},
  year={2017}
}

@article{radford2019language,
  title={Language Models are Unsupervised Multitask Learners},
  author={Radford, Alec and Wu, Jeff and Child, Rewon and Luan, David and Amodei, Dario and Sutskever, Ilya},
  year={2019}
}

@article{bahdanau2014neural,
  title={Neural machine translation by jointly learning to align and translate},
  author={Bahdanau, Dzmitry and Cho, Kyunghyun and Bengio, Yoshua},
  journal={arXiv preprint arXiv:1409.0473},
  year={2014}
}

@article{paszke2019pytorch,
  title={Pytorch: An imperative style, high-performance deep learning library},
  author={Paszke, Adam and Gross, Sam and Massa, Francisco and Lerer, Adam and Bradbury, James and Chanan, Gregory and Killeen, Trevor and Lin, Zeming and Gimelshein, Natalia and Antiga, Luca and others},
  journal={Advances in neural information processing systems},
  volume={32},
  year={2019}
}

@misc{gpt4,
  title={GPT-4 Technical Report},
  author={OpenAI},
  year={2024},
  eprint={2303.08774},
  archivePrefix={arXiv},
  primaryClass={cs.CL},
  url={https://arxiv.org/abs/2303.08774},
}

@Article{Brunton2015DiscoveringGE,
 author = {S. Brunton and J. Proctor and J. Kutz},
 booktitle = {Proceedings of the National Academy of Sciences of the United States of America},
 journal = {Proceedings of the National Academy of Sciences},
 pages = {3932 - 3937},
 title = {Discovering governing equations from data by sparse identification of nonlinear dynamical systems},
 volume = {113},
 year = {2015}
}


@Article{Brunton2015DiscoveringGE,
 author = {S. Brunton and J. Proctor and J. Kutz},
 booktitle = {Proceedings of the National Academy of Sciences of the United States of America},
 journal = {Proceedings of the National Academy of Sciences},
 pages = {3932 - 3937},
 title = {Discovering governing equations from data by sparse identification of nonlinear dynamical systems},
 volume = {113},
 year = {2015}
}


@Article{Brunton2015DiscoveringGE,
 author = {S. Brunton and J. Proctor and J. Kutz},
 booktitle = {Proceedings of the National Academy of Sciences of the United States of America},
 journal = {Proceedings of the National Academy of Sciences},
 pages = {3932 - 3937},
 title = {Discovering governing equations from data by sparse identification of nonlinear dynamical systems},
 volume = {113},
 year = {2015}
}


@Article{Brunton2015DiscoveringGE,
 author = {S. Brunton and J. Proctor and J. Kutz},
 booktitle = {Proceedings of the National Academy of Sciences of the United States of America},
 journal = {Proceedings of the National Academy of Sciences},
 pages = {3932 - 3937},
 title = {Discovering governing equations from data by sparse identification of nonlinear dynamical systems},
 volume = {113},
 year = {2015}
}


@Article{Brunton2015DiscoveringGE,
 author = {S. Brunton and J. Proctor and J. Kutz},
 booktitle = {Proceedings of the National Academy of Sciences of the United States of America},
 journal = {Proceedings of the National Academy of Sciences},
 pages = {3932 - 3937},
 title = {Discovering governing equations from data by sparse identification of nonlinear dynamical systems},
 volume = {113},
 year = {2015}
}


@Article{Brunton2015DiscoveringGE,
 author = {S. Brunton and J. Proctor and J. Kutz},
 booktitle = {Proceedings of the National Academy of Sciences of the United States of America},
 journal = {Proceedings of the National Academy of Sciences},
 pages = {3932 - 3937},
 title = {Discovering governing equations from data by sparse identification of nonlinear dynamical systems},
 volume = {113},
 year = {2015}
}


@Conference{Fuentes2019EfficientPI,
 author = {R. Fuentes and N. Dervilis and Keith Worden and E. Cross},
 booktitle = {Journal of Physics: Conference Series},
 journal = {Journal of Physics: Conference Series},
 title = {Efficient parameter identification and model selection in nonlinear dynamical systems via sparse Bayesian learning},
 volume = {1264},
 year = {2019}
}


@Article{Brunton2015DiscoveringGE,
 author = {S. Brunton and J. Proctor and J. Kutz},
 booktitle = {Proceedings of the National Academy of Sciences of the United States of America},
 journal = {Proceedings of the National Academy of Sciences},
 pages = {3932 - 3937},
 title = {Discovering governing equations from data by sparse identification of nonlinear dynamical systems},
 volume = {113},
 year = {2015}
}


@Article{Brunton2015DiscoveringGE,
 author = {S. Brunton and J. Proctor and J. Kutz},
 booktitle = {Proceedings of the National Academy of Sciences of the United States of America},
 journal = {Proceedings of the National Academy of Sciences},
 pages = {3932 - 3937},
 title = {Discovering governing equations from data by sparse identification of nonlinear dynamical systems},
 volume = {113},
 year = {2015}
}


@Article{Viknesh2024ADAMSINDyAE,
 author = {Siva Viknesh and Younes Tatari and Amirhossein Arzani},
 booktitle = {arXiv.org},
 journal = {ArXiv},
 title = {ADAM-SINDy: An Efficient Optimization Framework for Parameterized Nonlinear Dynamical System Identification},
 volume = {abs/2410.16528},
 year = {2024}
}


@Article{Vanheeghe2002SystemIT,
 author = {Philippe Vanheeghe and Jean-Pierre Richard},
 booktitle = {at - Automatisierungstechnik},
 journal = {Autom.},
 pages = {375-378},
 title = {System identification: theory for the user (second edition): Lennart Ljung; Prentice-Hall, Englewood Cliffs, NJ, 1999, ISBN 0-13-656695-2},
 volume = {38},
 year = {2002}
}

@book{ljung1999system,
  title={System identification: theory for the user},
  author={Ljung, Lennart},
  year={1999},
  edition={2},
  publisher={Prentice Hall},
  address={Englewood Cliffs, NJ},
  isbn={0-13-656695-2}
}


@Article{Brunton2016SparseIO,
 author = {S. Brunton and J. Proctor and N. Kutz},
 journal = {Bulletin of the American Physical Society},
 title = {Sparse Identification of Nonlinear Dynamics (SINDy)},
 year = {2016}
}


@Article{Brunton2015DiscoveringGE,
 author = {S. Brunton and J. Proctor and J. Kutz},
 booktitle = {Proceedings of the National Academy of Sciences of the United States of America},
 journal = {Proceedings of the National Academy of Sciences},
 pages = {3932 - 3937},
 title = {Discovering governing equations from data by sparse identification of nonlinear dynamical systems},
 volume = {113},
 year = {2015}
}


@Article{Rudy2018DataDrivenIO,
 author = {S. Rudy and A. Alla and S. Brunton and J. Kutz},
 booktitle = {SIAM Journal on Applied Dynamical Systems},
 journal = {SIAM J. Appl. Dyn. Syst.},
 pages = {643-660},
 title = {Data-Driven Identification of Parametric Partial Differential Equations},
 volume = {18},
 year = {2018}
}


@Article{Brunton2015DiscoveringGE,
 author = {S. Brunton and J. Proctor and J. Kutz},
 booktitle = {Proceedings of the National Academy of Sciences of the United States of America},
 journal = {Proceedings of the National Academy of Sciences},
 pages = {3932 - 3937},
 title = {Discovering governing equations from data by sparse identification of nonlinear dynamical systems},
 volume = {113},
 year = {2015}
}


@Article{Brunton2015DiscoveringGE,
 author = {S. Brunton and J. Proctor and J. Kutz},
 booktitle = {Proceedings of the National Academy of Sciences of the United States of America},
 journal = {Proceedings of the National Academy of Sciences},
 pages = {3932 - 3937},
 title = {Discovering governing equations from data by sparse identification of nonlinear dynamical systems},
 volume = {113},
 year = {2015}
}


@Article{Schoukens2019NonlinearSI,
 author = {J. Schoukens and L. Ljung},
 booktitle = {IEEE Control Systems},
 journal = {IEEE Control Systems},
 pages = {28-99},
 title = {Nonlinear System Identification: A User-Oriented Road Map},
 volume = {39},
 year = {2019}
}


@Article{Fasel2021EnsembleSINDyRS,
 author = {Urban Fasel and J. Kutz and Bingni W. Brunton and S. Brunton},
 booktitle = {Proceedings of the Royal Society A},
 journal = {Proceedings. Mathematical, Physical, and Engineering Sciences},
 title = {Ensemble-SINDy: Robust sparse model discovery in the low-data, high-noise limit, with active learning and control},
 volume = {478},
 year = {2021}
}

